1092 1563
412 193 533 214 DSTANT
541 193 670 218 angelorum
679 193 746 218 chori,

423 223 510 243 Laudes
519 224 611 243 cantant
620 223 725 247 Creatori,

423 252 508 277 Regem
518 253 610 272 cernunt
619 252 641 272 in
650 252 736 277 decore,

421 282 503 302 Amant
511 281 584 306 corde,
594 281 685 301 laudant
693 287 737 306 ore,

421 311 591 336 Tympanizant,
601 311 740 336 citharizant,

421 340 503 360 Volant
511 340 559 365 alis,
569 341 631 360 stant
639 340 662 360 in
671 340 744 365 scalis,

422 370 509 390 Sonant
517 369 580 394 nolis¹
590 369 676 395 fulgent
684 370 749 390 stolis

447 399 526 419 Coram
535 405 622 419 summa
630 399 745 419 Trinitate-

422 428 532 448 Clamant:
542 428 646 453 Sanctus,
656 428 760 453 Sanetus,
770 429 877 449 Sanctus!

423 458 490 483 Fugit
499 457 566 482 dolor,
576 459 651 478 cessat
659 457 761 483 planctus

447 487 473 507 In
482 492 578 512 superna
586 487 681 507 civitate.

422 550 519 570 Concors
527 555 572 570 vox
581 551 617 570 est
625 549 728 574 omnium,

422 579 494 599 Deum
503 579 684 604 collaudantium;

423 609 503 629 Fervet
511 614 574 628 amor
582 608 693 633 mentium,

377 664 378 667 Ἴ
422 638 485 658 Clare
494 638 645 658 contuentium

397 668 490 687 Beatam
499 667 631 687 Trinitatem
640 667 662 686 in
671 672 716 687 una
725 667 825 692 Deitate;

422 697 494 721 Quam
503 696 597 716 adorant
606 696 722 722 Seraphim

423 726 525 746 Ferventi
534 725 556 745 in
565 731 646 750 amore,

421 756 560 775 Venerantur
569 754 687 775 Cherubim

423 785 511 810 Ingenti
520 785 562 804 sub
571 785 663 809 honore;

398 814 508 834 Mirantur
516 814 582 834 nimis
590 814 673 834 Throni
682 814 710 834 de
719 815 783 834 tanta
792 814 916 839 majestate.

422 877 441 897 Ο
450 882 516 902 quam
525 876 640 902 praeclara
648 876 715 901 regio,

423 906 454 926 Et
462 911 528 931 quam
537 906 619 926 decora
627 905 685 930 legio

397 936 433 955 Ex
442 935 528 960 angelis
538 936 561 955 et
569 934 702 955 hominibus!

422 965 441 985 Ο
450 965 548 990 gloriosa
557 964 641 989 civitas,

423 994 448 1014 In
457 1000 501 1019 qua
510 999 597 1014 summa
605 993 758 1019 tranquillitas‘,

399 1023 447 1043 Lux
456 1024 479 1044 et
488 1029 533 1049 pax
541 1023 564 1043 in
573 1023 660 1043 cunctis
668 1022 757 1042 finibus!
778 1024 780 1026 ’

422 1086 487 1106 Cives
496 1086 561 1111 hujus
570 1085 667 1106 civitatis

422 1115 491 1135 Veste
500 1115 572 1135 nitent
581 1114 699 1139 castitatis,

423 1145 506 1170 Legem
515 1146 592 1165 tenent
600 1144 707 1169 caritatis,

423 1174 520 1194 Firmum
529 1175 618 1199 pactum
627 1173 725 1194 unitatis.

423 1203 473 1223 Non
482 1203 589 1228 laborant,
599 1203 629 1222 nil
638 1203 751 1228 ignorant;

423 1233 473 1253 Non
482 1234 602 1257 tentantur,
612 1238 653 1252 nec
661 1233 780 1257 vexantur3

422 1262 515 1288 Semper
524 1262 579 1287 sani,
589 1267 676 1287 semper
685 1261 744 1286 laeti,

422 1291 514 1312 Cunctis
523 1291 587 1312 bonis
595 1292 648 1311 sunt
657 1290 740 1316 repleti.

720 1325 812 1340 *tumus
823 1321 836 1339 Ᾰ
847 1325 932 1340 zameis.
